<?xml version="1.0" encoding="UTF-8"?><collection xmlns="http://www.loc.gov/MARC21/slim"><record><leader>00384nam--2200133-i-4500</leader><controlfield tag="001">000031724</controlfield><controlfield tag="002">20161230</controlfield><controlfield tag="005">20161230201038</controlfield><controlfield tag="008">060222s1000------------r-----000-0-eng-d</controlfield><datafield ind1=" " ind2=" " tag="080"><subfield code="a">512.736:515.176(043)</subfield></datafield><datafield ind1=" " ind2=" " tag="100"><subfield code="a">Mahammed, Norreddine</subfield></datafield><datafield ind1=" " ind2=" " tag="245"><subfield code="a">K-theorie des formes spheriques. these</subfield></datafield><datafield ind1=" " ind2=" " tag="260"><subfield code="a">Lille, L`Universite Des Sciences Et Techniques De Lille, 1975. 186p</subfield></datafield><datafield ind1=" " ind2=" " tag="852"><subfield code="a">44110</subfield></datafield></record></collection>